@article{Wondmagegn2024,
  title = {Prevalence and determinants of developmental delay among children in low- and middle-income countries: a systematic review and meta-analysis},
  volume = {12},
  ISSN = {2296-2565},
  url = {http://dx.doi.org/10.3389/fpubh.2024.1301524},
  DOI = {10.3389/fpubh.2024.1301524},
  journal = {Frontiers in Public Health},
  publisher = {Frontiers Media SA},
  author = {Wondmagegn, Tesfaye and Girma, Bekahegn and Habtemariam, Yosef},
  year = {2024},
  month = {4}
}
@article{CMehner2019,
  title = {The association of cumulative risk scoring with ASQ-3 outcomes in a rural impoverished region of Guatemala},
  volume = {4},
  ISSN = {2397-950X},
  url = {http://dx.doi.org/10.15761/pd.1000198},
  DOI = {10.15761/pd.1000198},
  number = {4},
  journal = {Pediatric Dimensions},
  publisher = {Open Access Text Pvt, Ltd.},
  author = {C. Mehner, Lauren and J. Domek, Gretchen and Abdel-Maksoud, Madiha and Jimenez-Zambrano, Andrea and J. Asturias, Edwin and M. Lamb, Molly and Berman, Stephen},
  year = {2019}
}
@article{Delbiso2024,
  title = {Early childhood development and nutritional status in urban Ethiopia},
  volume = {20},
  ISSN = {1740-8709},
  url = {http://dx.doi.org/10.1111/mcn.13638},
  DOI = {10.1111/mcn.13638},
  number = {3},
  journal = {Maternal \& Child Nutrition},
  publisher = {Wiley},
  author = {Delbiso, Tefera Darge and Nigatu, Yakob Desalegn and Tilahun, Natan},
  year = {2024},
  month = {3}
}
@article{Domek2023,
  title = {Using the Ages \& Stages Questionnaire to assess later effects of an infant intervention promoting language in primary care},
  volume = {23},
  ISSN = {1471-2431},
  url = {http://dx.doi.org/10.1186/s12887-023-03953-y},
  DOI = {10.1186/s12887-023-03953-y},
  number = {1},
  journal = {BMC Pediatrics},
  publisher = {Springer Science and Business Media LLC},
  author = {Domek, Gretchen J. and Silveira, Lori and Kuffel, Helene and Szafran, Lauren Heller and Jimenez-Zambrano, Andrea and Camp, Bonnie W.},
  year = {2023},
  month = {4}
}
@article{RAMOS2021,
  title = {Ages and Stages Questionnaires Brazil in monitoring development in early childhood education},
  volume = {93},
  ISSN = {0001-3765},
  url = {http://dx.doi.org/10.1590/0001-3765202120201838},
  DOI = {10.1590/0001-3765202120201838},
  number = {suppl 4},
  journal = {Anais da Academia Brasileira de Ciências},
  publisher = {FapUNIFESP (SciELO)},
  author = {RAMOS, MAYSA M.A. and BARBA, PATRÍCIA CARLA S. DELLA},
  year = {2021}
}
@article{Oumer2022,
  title = {Stunting and Underweight, but not Wasting are Associated with Delay in Child Development in Southwest Ethiopia},
  volume = {Volume 13},
  ISSN = {1179-9927},
  url = {http://dx.doi.org/10.2147/phmt.s344715},
  DOI = {10.2147/phmt.s344715},
  journal = {Pediatric Health, Medicine and Therapeutics},
  publisher = {Informa UK Limited},
  author = {Oumer, Abdu and Girum, Tadele and Fikre, Zinash and Bedewi, Jemal and Nuriye, Keyredin and Assefa, Kenzudin},
  year = {2022},
  month = {1},
  pages = {1–12}
}
@online{cdcDevelopmentalDisability,
	author = {CDC},
	organization = {Centers of Disease Control},
	title = {Developmental Disability Basics},
	year = {},
	url = {https://www.cdc.gov/child-development/about/developmental-disability-basics.html },
	urldate = {2025-02-02},
}
@online{DevelopmentalSurveillance,
	author = {Aites, Jennifer and Schonwald, Alison},
	organization = {UpToDate},
	title = {Developmental-behavioral surveillance and screening in primary care},
	year = {2025},
	url = {https://www.uptodate.com/contents/developmental-behavioral-surveillance-and-screening-in-primary-care},
	urldate = {2025-01-25},
}
@article{Bellman2013,
  title = {Developmental assessment of children},
  volume = {346},
  ISSN = {1756-1833},
  url = {http://dx.doi.org/10.1136/bmj.e8687},
  DOI = {10.1136/bmj.e8687},
  number = {jan15 2},
  journal = {BMJ},
  publisher = {BMJ},
  author = {Bellman, M. and Byrne, O. and Sege, R.},
  year = {2013},
  month = {1},
  pages = {e8687–e8687}
}
@online{DevelopmentalDelay,
	author = {Khan, Israr and Leventhal, Bennett},
	organization = {StatPearls Publishing},
	title = {Developmental Delay},
	year = {2023},
	url = {https://www.ncbi.nlm.nih.gov/books/NBK562231/},
	urldate = {2025-02-01},
}
@online{SESAN2022,
	author = {SESAN},
	organization = {Gobierno de la República de Guatemala},
	title = {Informe de la línea de base de la Gran Cruzada Nacional por la Nutrición 2021/2022},
	year = {2022},
	url = {https://portal.siinsan.gob.gt/wp-content/uploads/lineabase.pdf},
	urldate = {2025-01-15},
}
@online{UNICEF2023,
	author = {UNICEF},
	organization = {United Nations Children's Fund},
	title = {Early Childhood Development},
	year = {2023},
	url = {https://www.unicef.org/media/145336/file/Early_Childhood_Development_-_UNICEF_Vision_for_Every_Child.pdf},
	urldate = {2025-01-15},
}
@Article{tidyverse,
    title = {Welcome to the {tidyverse}},
    author = {Hadley Wickham and Mara Averick and Jennifer Bryan and
      Winston Chang and Lucy D'Agostino McGowan and Romain François and
      Garrett Grolemund and Alex Hayes and Lionel Henry and Jim Hester
      and Max Kuhn and Thomas Lin Pedersen and Evan Miller and Stephan
      Milton Bache and Kirill Müller and Jeroen Ooms and David Robinson
      and Dana Paige Seidel and Vitalie Spinu and Kohske Takahashi and
      Davis Vaughan and Claus Wilke and Kara Woo and Hiroaki Yutani},
    year = {2019},
    journal = {Journal of Open Source Software},
    volume = {4},
    number = {43},
    pages = {1686},
    doi = {10.21105/joss.01686},
}
@online{INE,
	author = {INE},
	organization = {Instituto Nacional de Estadística},
	title = {Proyecciones municipales 2015-2035},
	year = {2020},
	url = {https://www.ine.gob.gt/proyecciones/},
	urldate = {2025-02-15},
}
@online{UNICEFrespaldo,
	author = {UNICEF},
	organization = {United Nations Children's Fund Argentina},
	title = {Instrumentos y metodologías de evaluación del desarrollo infantil temprano},
	year = {2023},
	url = {https://www.unicef.org/argentina/documents/instrumentos-y-metodologias-de-evaluacion-desarrollo-infantil-temprano},
	urldate = {2025-01-20},
}
@article{Stiles2010,
  title = {The Basics of Brain Development},
  volume = {20},
  ISSN = {1573-6660},
  url = {http://dx.doi.org/10.1007/s11065-010-9148-4},
  DOI = {10.1007/s11065-010-9148-4},
  number = {4},
  journal = {Neuropsychology Review},
  publisher = {Springer Science and Business Media LLC},
  author = {Stiles,  Joan and Jernigan,  Terry L.},
  year = {2010},
  month = nov,
  pages = {327–348}
}
@incollection{Nelson46,
	author = {Kelly, Desmond and McCain, Darla},
	title = {Neurodevelopmental and Executive Function and Dysfunction},
	booktitle = {Nelson Textbook of Pediatrics},
	publisher = {Elsevier},
	year = {2024},
	editor = {Kliegman, Robert and St. Geme III, Joseph},
	chapter = {49},
	edition = {22},
}
@incollection{Feldman2,
	author = {Julian, Megan M and Lumeng, Julie C},
	title = {The Biopsychosocial Model},
	booktitle = {Developmental-Behavioral Pediatrics},
	publisher = {Elsevier},
	year = {2023},
	editor = {Feldman, Heidi and Elias, Ellen and Blum, Nathan and Jimenez, Manuel and Stancin, Terry},
	chapter = {2},
	edition = {5},
}
@book{Kolb7,
	title = {An introduction to brain an behavior},
	author = {Kolb, Bryan and Whishaw, Ian and Campbell, Teskey},
	year = {2016},
	publisher = {Worth Publishers},
	address = {New York},
}
@incollection{Polin124,
	author = {Yuskaitis, Christopher and Pomeroy, Scott},
	title = {Development of the Nervous System},
	booktitle = {Fetal and Neonatal Physiology},
	publisher = {Elsevier},
	year = {2022},
	editor = {Polin, Richard and Abman, Steven and Rowitch, David and Benitz, William},
	chapter = {124},
	edition = {6},
}
@book{MooreEmbryo4,
	author = {Moore, Keith and Persaud, T.V.N. and Torchia, Mark},
	title = {The Developing Human: Clinically Oriented Embryology},
	publisher = {Elsevier},
	year = {2025},
}
@inbook{Gibb2018,
  title = {Brain Development},
  ISBN = {9780128040362},
  url = {http://dx.doi.org/10.1016/b978-0-12-804036-2.00001-7},
  DOI = {10.1016/b978-0-12-804036-2.00001-7},
  booktitle = {The Neurobiology of Brain and Behavioral Development},
  publisher = {Elsevier},
  author = {Gibb,  Robbin and Kovalchuk,  Anna},
  year = {2018},
  pages = {3–27},
}
@article{Lindhout2024,
  title = {A molecular and cellular perspective on human brain evolution and tempo},
  volume = {630},
  ISSN = {1476-4687},
  url = {http://dx.doi.org/10.1038/s41586-024-07521-x},
  DOI = {10.1038/s41586-024-07521-x},
  number = {8017},
  journal = {Nature},
  publisher = {Springer Science and Business Media LLC},
  author = {Lindhout,  Feline W. and Krienen,  Fenna M. and Pollard,  Katherine S. and Lancaster,  Madeline A.},
  year = {2024},
  month = jun,
  pages = {596–608},
}
@incollection{Feldman3,
	author = {Friedman, Sarah L and Scholnick Ellin K},
	title = {Theories of Human Development},
	booktitle = {Developmental-Behavioral Pediatrics},
	publisher = {Elsevier},
	year = {2023},
	editor = {Feldman, Heidi and Elias, Ellen and Blum, Nathan and Jimenez, Manuel and Stancin, Terry},
	chapter = {3},
	edition = {5},
}
@book{Sameroff2009,
  title = {The transactional model of development: How children and contexts shape each other.},
  ISBN = {9781433804670},
  url = {http://dx.doi.org/10.1037/11877-000},
  DOI = {10.1037/11877-000},
  publisher = {American Psychological Association},
  year = {2009},
}
@article{Belsky2021,
  title = {Differential susceptibility 2.0: Are the same children affected by different experiences and exposures?},
  volume = {34},
  ISSN = {1469-2198},
  url = {http://dx.doi.org/10.1017/S0954579420002205},
  DOI = {10.1017/s0954579420002205},
  number = {3},
  journal = {Development and Psychopathology},
  publisher = {Cambridge University Press (CUP)},
  author = {Belsky,  Jay and Zhang,  Xiaoya and Sayler,  Kristina},
  year = {2021},
  month = feb,
  pages = {1025–1033},
}
@article{Roth2011,
  title = {Annual Research Review: Epigenetic mechanisms and environmental shaping of the brain during sensitive periods of development},
  volume = {52},
  ISSN = {1469-7610},
  url = {http://dx.doi.org/10.1111/j.1469-7610.2010.02282.x},
  DOI = {10.1111/j.1469-7610.2010.02282.x},
  number = {4},
  journal = {Journal of Child Psychology and Psychiatry},
  publisher = {Wiley},
  author = {Roth,  Tania L. and David Sweatt,  J.},
  year = {2011},
  month = mar,
  pages = {398–408},
}
@incollection{Nelson19,
	author = {Candelaria, Margo and Feigelman Susan},
	title = {Developmental and Behavioral Theories},
	booktitle = {Nelson Textbook of Pediatrics},
	publisher = {Elsevier},
	year = {2024},
	editor = {Kliegman, Robert and St. Geme III, Joseph},
	chapter = {19},
	edition = {22},
}

